@TechReport{Zehtabian_Bastin_2016,
  Title                    = {Penalty Parameter Update Strategies in Progressive Hedging Algorithm},
  Author                   = {Shohre Zehtabian and Fabian Bastin},
  Institution              = {CIRRELT},
  Year                     = {2016},
  Address                  = {Montreal, QC, Canada},
  Number                   = {CIRRELT-2016-12}
}


@InProceedings{ADMM_Figueiredo_2017,
  title = 	 {{Adaptive ADMM with Spectral Penalty Parameter Selection}},
  author = 	 {Xu, Zheng and Figueiredo, Mario and Goldstein, Tom},
  booktitle = 	 {Proceedings of the 20th International Conference on Artificial Intelligence and Statistics},
  pages = 	 {718--727},
  year = 	 {2017},
  editor = 	 {Singh, Aarti and Zhu, Jerry},
  volume = 	 {54},
  series = 	 {Proceedings of Machine Learning Research},
  month = 	 {20--22 Apr},
  publisher =    {PMLR}
}


@Article{Watson_Woodruff_2010,
  author    = {Jean-Paul Watson and David L. Woodruff},
  journal   = {Computational Management Science},
  title     = {Progressive hedging innovations for a class of stochastic mixed-integer resource allocation problems},
  year      = {2010},
  month     = {jul},
  number    = {4},
  pages     = {355--370},
  volume    = {8},
  doi       = {10.1007/s10287-010-0125-4   },
  publisher = {Springer Science and Business Media {LLC}}
  }


@Article{Borgwardt_2022,
author={Borgwardt, Steffen},
title={An LP-based, strongly-polynomial 2-approximation algorithm for sparse Wasserstein barycenters},
journal={Operational Research},
year={2022},
month={Apr},
day={01},
volume={22},
number={2},
pages={1511-1551},
issn={1866-1505},
doi={10.1007/s12351-020-00589-z }
}




@InProceedings{Iutzeler_2013,
  author    = {Franck Iutzeler and Pascal Bianchi and Philippe Ciblat and Walid Hachem},
  booktitle = {52nd {IEEE} Conference on Decision and Control},
  title     = {Asynchronous distributed optimization using a randomized alternating direction method of multipliers},
  year      = {2013},
  month     = {dec},
  publisher = {{IEEE}},
  doi       = {10.1109/cdc.2013.6760448},
}

@Article{Randomized_PHA_2020,
  author    = {Gilles Bareilles and Yassine Laguel and Dmitry Grishchenko and Franck Iutzeler and J{\'{e}}r{\^{o}}me Malick},
  journal   = {Annals of Operations Research},
  title     = {Randomized Progressive Hedging methods for multi-stage stochastic programming},
  year      = {2020},
  month     = {sep},
  number    = {2},
  pages     = {535--560},
  volume    = {295},
  doi       = {10.1007/s10479-020-03811-5 },
  publisher = {Springer Science and Business Media {LLC}},
}

@Book{Bauschke_Combettes_2017,
  author    = {Heinz H. Bauschke and Patrick L. Combettes},
  publisher = {Springer International Publishing},
  title     = {Convex Analysis and Monotone Operator Theory in Hilbert Spaces},
  year      = {2017},
  edition   = {2nd},
  doi       = {10.1007/978-3-319-48311-5 },
}

@Article{Condat_2016,
author={Condat, Laurent},
title={Fast projection onto the simplex and the $\pmb {l}_\mathbf {1}$ball},
journal={Mathematical Programming},
year={2016},
month={Jul},
day={01},
volume={158},
number={1},
pages={575-585}
}

@Article{Carlier_Oberman_Oudet_2015,
  author    = {Guillaume Carlier and Adam Oberman and Edouard Oudet},
  journal   = {{ESAIM}: Mathematical Modelling and Numerical Analysis},
  title     = {Numerical methods for matching for teams and Wasserstein barycenters},
  year      = {2015},
  month     = {nov},
  number    = {6},
  pages     = {1621--1642},
  volume    = {49},
  doi       = {10.1051/m2an/2015033 },
  publisher = {{EDP} Sciences},
}

@inproceedings{B-ADMM,
 author = {Wang, Huahua and Banerjee, Arindam},
 booktitle = {Advances in Neural Information Processing Systems},
 editor = {Z. Ghahramani and M. Welling and C. Cortes and N. Lawrence and K.Q. Weinberger},
 pages = {},
 publisher = {Curran Associates, Inc.},
 title = {Bregman Alternating Direction Method of Multipliers},
 volume = {27},
 year = {2014}
}



@article{Sinkhorn_1974,
 author = {Richard Sinkhorn},
 journal = {Proceedings of the American Mathematical Society},
 number = {2},
 pages = {195--198},
 publisher = {American Mathematical Society},
 title = {Diagonal Equivalence to Matrices with Prescribed Row and Column Sums. II},
 urldate = {2023-05-12},
 volume = {45},
 year = {1974}
}



@inproceedings{Cuturi_2013,
 author = {Cuturi, Marco},
 booktitle = {Advances in Neural Information Processing Systems},
 editor = {C.J. Burges and L. Bottou and M. Welling and Z. Ghahramani and K.Q. Weinberger},
 pages = {},
 publisher = {Curran Associates, Inc.},
 title = {Sinkhorn Distances: Lightspeed Computation of Optimal Transport},
 volume = {26},
 year = {2013}
}




@Article{Cuturi_Peyre_2016,
  author  = {Cuturi, Marco and Peyr\'{e}, Gabriel},
  journal = {SIAM Journal on Imaging Sciences},
  title   = {A Smoothed Dual Approach for Variational Wasserstein Problems},
  year    = {2016},
  number  = {1},
  pages   = {320-343},
  volume  = {9},
  doi     = {10.1137/15M1032600 },
}




@InProceedings{Gramfort_Pyre_Cuturi_2015,
author="Gramfort, A.
and Peyr{\'e}, G.
and Cuturi, M.",
editor="Ourselin, Sebastien
and Alexander, Daniel C.
and Westin, Carl-Fredrik
and Cardoso, M. Jorge",
title="Fast Optimal Transport Averaging of Neuroimaging Data",
booktitle="Information Processing in Medical Imaging",
year="2015",
publisher="Springer International Publishing",
address="Cham",
pages="261--272",
isbn="978-3-319-19992-4"
}



@INPROCEEDINGS{Ye_ADMM,
  author={Ye, Jianbo and Li, Jia},
  booktitle={2014 IEEE International Conference on Image Processing (ICIP)}, 
  title={Scaling up discrete distribution clustering using {ADMM}}, 
  year={2014},
  volume={},
  number={},
  pages={5267-5271},
  doi={10.1109/ICIP.2014.7026066  }
  }



@Book{Pflug_Pichler_2014,
  author    = {Georg Ch. Pflug and Alois Pichler},
  publisher = {Springer International Publishing},
  title     = {Multistage Stochastic Optimization},
  year      = {2014},
  doi       = {10.1007/978-3-319-08843-3     },
}

@Article{Heinemann_Klatt_Munk_2022,
  author  = {Heinemann, Florian and Klatt, Marcel and Munk, Axel},
  journal = {Applied Mathematics {\&} Optimization},
  title   = {Kantorovich--Rubinstein Distance and Barycenter for Finitely Supported Measures: Foundations and Algorithms},
  year    = {2022},
  issn    = {1432-0606},
  month   = {Nov},
  number  = {1},
  pages   = {4},
  volume  = {87},
  day     = {07},
  doi     = {10.1007/s00245-022-09911-x    },
}




@Article{Peyre_Cuturi_2019,
  author  = {Gabriel Peyré and Marco Cuturi},
  journal = {Foundations and Trends in Machine Learning},
  title   = {Computational Optimal Transport: With Applications to Data Science},
  year    = {2019},
  issn    = {1935-8237},
  number  = {5-6},
  pages   = {355-607},
  volume  = {11},
  doi     = {10.1561/2200000073    },
  url     = {http://dx.doi.org/10.1561/2200000073    },
}

@Article{Oliveira_CEPEL_2009,
  author  = {Welington  {de Oliveira} and Claudia Sagastiz\'abal and D\'ebora Dias Jardim Penna and Maria Elvira Pineiro Maceira and Jorge Machado Dam\'azio},
  journal = {Optimization Methods and Software},
  title   = {Optimal scenario tree reduction for stochastic streamflows in power generation planning problems},
  year    = {2010},
  number  = {6},
  pages   = {917-936},
  volume  = {25},
}

@Article{Beltran_Oliveira_Finardi_2017,
  author    = {Felipe Beltran and Welington {de Oliveira} and Erlon Cristian Finardi},
  title     = {Application of Scenario Tree Reduction Via Quadratic Process to Medium-Term Hydrothermal Scheduling Problem},
  journal   = {{IEEE} Transactions on Power Systems},
  year      = {2017},
  volume    = {32},
  number    = {6},
  pages     = {4351--4361}
}

@Article{Rubner_2000,
  author  = {Rubner, Yossi and Tomasi, Carlo and Guibas, Leonidas J.},
  journal = {International Journal of Computer Vision},
  title   = {The Earth Mover's Distance as a Metric for Image Retrieval},
  year    = {2000},
  issn    = {1573-1405},
  month   = {Nov},
  number  = {2},
  pages   = {99-121},
  volume  = {40},
  day     = {01},
  doi     = {10.1023/A:1026543900054     },
}



@book{Villani_2009,
  author =	 "Cedric Villani",
  title =	 "Optimal transport: onld and new",
  publisher =	 "Springer Verlag",
  year =	 "2009",
  volume =	 "338"
}

@Article{Cuturi,
  title =	 {Fast Computation of Wasserstein Barycenters},
  author =	 {Marco Cuturi and Arnaud Doucet},
  doi =		 {10.1137/140951758      },
  journal =	 {International Conference on Machine Learning},
  number =	 {2},
  volume =	 {32},
  year =	 {2014},
  pages =	 {685--693}
}

@Article{IBP,
  title =	 {Iterative Bregman Projections for Regularized Transportation Problems},
 author ={Jean-David Benamou and Guillaume Carlier and Marco Cuturi and Luca Nenna and Gabriel Peyré},
  doi =		 {10.1137/141000439     },
  journal =	 {SIAM Journal on Scientific Computing},
  number =	 {2},
  volume =	 {37},
  year =	 {2015},
  pages =	 {1111--1138}
}

@Article{Puccetti,
  author  = {Giovanni Puccetti and Ludger Rüschendorf and Steven Vanduffel},
  journal = {Journal of Multivariate Analysis},
  title   = {On the computation of Wasserstein barycenters},
  year    = {2020},
  month   = fev,
  number  = {104581},
  volume  = {176},
  doi     = {10.1016/j.                                        jmva.2019.104581},
}

@Article{J.Ye,
  author  = {Jianbo Ye and Panruo Wu and James Z. Wang and Jia Li},
  journal = {IEEE Transactions on Signal Processing},
  title   = {Fast Discrete Distribution Clustering Using Wasserstein Barycenter With Sparse Support},
  year    = {2017},
  month   = may,
  pages   = {2317--2332},
  volume  = {65},
  doi     = {10.1109/TSP.2017.2659647     },
}

@Article{Sejourne_Peyre_Vialard_2023,
  author  = {Thibault Sejourne and Gabriel Peyre and Francois-Xavier Vialard},
  journal = {Handbook of Numerical Analysis},
  title   = {Unbalanced Optimal Transport, from Theory to Numerics},
  year    = {2023},
  month   = janv,
  pages   = {407--471},
  volume  = {24},
  doi     = {10.1016/bs.hna.2022.11.003  },
}


@Article{Carlier,
  author  = {Martial Agueh and Guillaume Carlier},
  journal = {Siam Journal on Mathematical Analysis},
  title   = {Barycenters in the Wasserstein Space},
  year    = {2011},
  month   = janv,
  number  = {2},
  pages   = {904--924},
  volume  = {43},
  doi     = {10.1137/100805741     },
}














%%%%%%%%%%%%%%%%%%%% VERIFIER MISE EN PAGE %%%%%%%%%%%%%%%%%%%%%%%


@article{Douglas_Rachford_1956,
 author = {Jim Douglas and H. H. Rachford},
 journal = {Transactions of the American Mathematical Society},
 number = {2},
 pages = {421--439},
 publisher = {American Mathematical Society},
 title = {On the Numerical Solution of Heat Conduction Problems in Two and Three Space Variables},
 volume = {82},
 year = {1956}
}


@InProceedings{Cuturi_Doucet_14,
  title = 	 {Fast Computation of Wasserstein Barycenters},
  author = 	 {Cuturi, Marco and Doucet, Arnaud},
  booktitle = 	 {Proceedings of the 31st International Conference on Machine Learning},
  pages = 	 {685--693},
  year = 	 {2014},
  editor = 	 {Xing, Eric P. and Jebara, Tony},
  volume = 	 {32},
  number =       {2},
  series = 	 {Proceedings of Machine Learning Research},
  address = 	 {Bejing, China},
  month = 	 {22--24 Jun},
  publisher =    {PMLR},
}


@Article{Accelerated_DR_2020,
  author    = {Anqi Fu and Junzi Zhang and Stephen Boyd},
  journal   = {{SIAM} Journal on Scientific Computing},
  title     = {Anderson Accelerated Douglas--Rachford Splitting},
  year      = {2020},
  month     = {jan},
  number    = {6},
  pages     = {A3560--A3583},
  volume    = {42},
  doi       = {10.1137/19m1290097              },
  publisher = {Society for Industrial {\&} Applied Mathematics ({SIAM})},
}

@Article{Alves_2020,
  author    = {M. Marques Alves and Jonathan Eckstein and Marina Geremia and Jefferson G. Melo},
  journal   = {Computational Optimization and Applications},
  title     = {Relative-error inertial-relaxed inexact versions of Douglas-Rachford and {ADMM} splitting algorithms},
  year      = {2020},
  month     = {jan},
  number    = {2},
  pages     = {389--422},
  volume    = {75},
  doi       = {10.1007/s10589-019-00165-y               },
  publisher = {Springer Science and Business Media {LLC}},
}

@Article{Boyd_prox_2014,
  author  = {Neal Parikh and Stephen Boyd},
  journal = {Foundations and Trends in Optimization},
  title   = {Proximal Algorithms},
  year    = {2014},
  issn    = {2167-3888},
  number  = {3},
  pages   = {127-239},
  volume  = {1},
  doi     = {10.1561/2400000003                   },
}

@InBook{Glowinski_Tallec_1987,
  author    = {Roland Glowinski and Patrick {Le Tallec}},
  pages     = {45-121},
  title     = {Augmented Lagrangian Methods for the Solution of Variational Problems},
  year      = {1987},
  booktitle = {Augmented Lagrangian and Operator-Splitting Methods in Nonlinear Mechanics},
  doi       = {10.1137/1.9781611970838.ch3                },
  eprint    = {https://epubs.siam.org/doi/pdf/10.1137/1.9781611970838.ch3           },
  url       = {https://epubs.siam.org/doi/abs/10.1137/1.9781611970838.ch3         },
}


@Article{Boyd-ADMM_2011,
  author  = {Stephen Boyd and Neal Parikh and Eric Chu and Borja Peleato and Jonathan Eckstein},
  journal = {Foundations and Trends in Machine Learning},
  title   = {Distributed Optimization and Statistical Learning via the Alternating Direction Method of Multipliers},
  year    = {2011},
  issn    = {1935-8237},
  number  = {1},
  pages   = {1-122},
  volume  = {3},
  doi     = {10.1561/2200000016                 },
  url     = {http://dx.doi.org/10.1561/2200000016         },
}

@INPROCEEDINGS{Bianchi_Hachem_Iutzeler_2015,
author={P. {Bianchi} and W. {Hachem} and F. {Iutzeler}},
booktitle={IEEE Transactions on Automatic Control}, 
title={A Stochastic Coordinate Descent Primal-Dual Algorithm and Applications to Distributed Optimization}, 
year={2015},
volume={61(10)},
pages={2947--2957}}

@article{Rockafellar_2019,
title={Progressive Decoupling of Linkages in Optimization and Variational Inequalities with Elicitable Convexity or Monotonicity},
author={Rockafellar, R. Tyrrell},
year={2019},
journal={Set-Valued and Variational Analysis},
pages={863--893},
volume={27},
issue={4}
}



@article{Rockafellar_Wets_1991,
AUTHOR={R. T. Rockafellar and Roger J.-B. Wets},
TITLE={Scenarios and Policy Aggregation in Optimization Under Uncertainty},
JOURNAL={Mathematics of Operations Research},
YEAR={1991},
MONTH={February},
VOLUME={16},
NUMBER={1},
PAGES={119-147}
}


@Book{Rockafellar_1970,
  author       = {R.T. Rockafellar},
  title        = {Convex Analysis},
  year         = {1970},
  number       = {1st},
  doi          = {ISBN-13: 978-0691080697                                        },
  publisher = {Princeton University Press},
  pages        = {472},
}



@Book{Bertsekas_2015,
  author       = {Dimitri P. Bertsekas},
  title        = {Convex Optimization Algorithms},
  year         = {2015},
  number       = {1st},
  doi          = {ISBN 1-886529-28-0                                                  },
  publisher = {Athena Scientific},
  pages        = {576},
}


@Book{Clarke_1990,
  author    = {F.H. Clarke},
  publisher = {Society for Industrial and Applied Mathematics},
  title     = {Optimisation and Nonsmooth Analysis},
  year      = {1990},
  series    = {Classics in Applied Mathematics},
  doi       = {10.1137/1.9781611971309                                              },
  key       = {ISBN 978-0898712568                                                        },
  pages     = {320},
}

@Book{Rockafellar_Wets_2009,
  author       = {R.T. Rockafellar and R. J.-B. Wets},
  title        = {Variational Analysis},
  year         = {2009},
  number       = {3rd},
  series       = {Grundlehren der mathematischen Wissenschaften},
  volume       = {317},
  doi          = {ISBN: 978-3-540-62772-2                                                  },
  howpublished = {Springer Verlag Berlin},
  pages        = {734},
}
@article{huangfu2018parallelizing,
  title={Parallelizing the dual revised simplex method},
  author={Huangfu, Qi and Hall, JA Julian},
  journal={Mathematical Programming Computation},
  volume={10},
  number={1},
  pages={119--142},
  year={2018},
  publisher={Springer}
}

@misc{IBP_github,
  author = {Gabriel Peyré},
  title = {BregmanOT},
  year = {2014},
  publisher = {GitHub},
  journal = {GitHub repository},
  url = {https://github.com/gpeyre/2014-SISC-BregmanOT}
}

@misc{gurobi,
  author = {{Gurobi Optimization, LLC}},
  title = {{Gurobi Optimizer Reference Manual}},
  year = 2023,
  url = "https://www.gurobi.com"
}

@misc{MNIST_database,
  author = {Tijmen},
  title = {affNIST},
  year = {2013},
  publisher = {toronto.edu},
  journal = {website},
  url = {https://www.cs.toronto.edu/~tijmen/affNIST/}
}


@Article{Eckstein_Bertsekas_1992,
  author    = {Jonathan Eckstein and Dimitri P. Bertsekas},
  journal   = {Mathematical Programming},
  title     = {On the Douglas{\textemdash}Rachford splitting method and the proximal point algorithm for maximal monotone operators},
  year      = {1992},
  month     = {apr},
  number    = {1-3},
  pages     = {293--318},
  volume    = {55},
  doi       = {10.1007/bf01581204                                 },
  publisher = {Springer Science and Business Media {LLC}},
}

@article{tartavel2016wasserstein,
  title={Wasserstein loss for image synthesis and restoration},
  author={Tartavel Guillaume and Peyr{\'e} Gabriel and Gousseau Yann},
  journal={SIAM Journal on Imaging Sciences},
  volume={9},
  number={4},
  pages={1726--1755},
  year={2016},
  publisher={SIAM}
}

@inproceedings{simon2020barycenters,
  title={Barycenters of natural images constrained wasserstein barycenters for image morphing},
  author={Simon, Dror and Aberdam, Aviad},
  booktitle={Proceedings of the IEEE/CVF Conference on Computer Vision and Pattern Recognition},
  pages={7910--7919},
  year={2020}
}










%%%%%%%%%%%%%%%%%%%%%%%%% A EFFACER : %%%%%%%%%%%%%%%%%%%%%%%%%%%%
@Misc{siam,
  key = {zzz},
  title =	 {{SIAM} Style Manual: For journals and books},
  year =	 2013,
url = {https://www.siam.org/journals/pdf/stylemanual.pdf}}

@Misc{Hi14,
  author =	 {Nick Higham},
  title =	 {A Call for Better Indexes},
  howpublished = {SIAM Blogs},
  year =	 2014,
  month =	 nov,
  url =		 {http://blogs.siam.org/a-call-for-better-indexes/},
  urldate =	 {2015-04-05}
}

@Misc{PeKoPi14,
  title = {Accelerating Community Detection by Using {K}-core Subgraphs},
  author =	 {Chengbin Peng and Tamara G. Kolda and Ali Pinar},
  eprint =	 {1403.2226},
  year =	 2014,
  month =	 mar,
  eprintclass =	 {math.NA}
}


@Article{WoZhMeSh05,
  author        = {Woessner, Donald E. and Zhang, Shanrong and Merritt, Matthew E. and Sherry, A. Dean},
  journal       = {Magnetic Resonance in Medicine},
  title         = {Numerical Solution of the {Bloch} Equations Provides Insights into the Optimum Design of {PARACEST} Agents for {MRI}},
  year          = {2005},
  month         = apr,
  number        = {4},
  pages         = {790--799},
  volume        = {53},
  archive       = {https://www.ncbi.nlm.nih.gov/pubmed},
  archiveprefix = {PubMed},
  doi           = {10.1002/mrm.20408},
  eprint        = {15799055},
}

@Article{Ne03,
  author    = {Newman, M. E. J.},
  journal   = {Phys. Rev. E},
  title     = {Properties of Highly Clustered Networks},
  year      = {2003},
  month     = aug,
  volume    = {68},
  doi       = {10.1103/PhysRevE.68.026121},
  eid       = {026121},
  pagetotal = {6},
}

@misc{clawpack,
  title =	 {Clawpack Software},
  author =	 {{Clawpack Development Team}},
  url =		 {http://www.clawpack.org},
  urldate =	 {2015/05/14},
  note =	 {Version 5.2.2},
  year =	 2015
}

@Misc{AMSMSC2010,
  title =	 {{Mathematics Subject Classification}},
  author =	 {{American Mathematical Society}},
  year =	 {2010},
  url =		 {https://mathscinet.ams.org/mathscinet/msc/msc2010.html},
  urldate =	 {2021/02/08},
}


@book{La86,
  author =	 "Leslie Lamport",
  title =	 "\LaTeX: A Document Preparation System",
  publisher =	 "Addison--Wesley",
  year =	 "1986",
  address =	 "Reading, MA"
}

@Book{MiGo04,
  author =	 {Frank Mittlebach and Michel Goossens},
  title =	 {The \LaTeX\ Companion},
  publisher =	 {Addison--Wesley},
  year =	 2004,
  edition =	 {2nd}}

@Book{GoVa13,
  author =	 {Golub, Gene H. and Van Loan, Charles F.},
  title =	 {Matrix Computations},
  publisher =	 {The Johns Hopkins University Press},
  address =	 {Baltimore},
  year =	 2013,
  edition =	 {4th}
}


@Misc{CalcI,
  author =	 {Paul Dawkins},
  title =	 {Paul's Online Math Notes: Calculus {I} --- Notes},
  url =               {http://tutorial.math.lamar.edu/Classes/CalcI/MeanValueTheorem.aspx},
  urldate =	 {2015-07-08}}

@Misc{amsmath,
  author =	 {{American Mathematical Society}},
  title =	 {User's Guide for the \texttt{amsmath} Package
                  (Version 2.0)},
  url =		 {ftp://ftp.ams.org/pub/tex/doc/amsmath/amsldoc.pdf},
  urldate =	 {2015-07-30},
  year =	 2002}

@Misc{shortmath,
  author =	 {Michael Downes},
  title =	 {Short Math Guide for {\LaTeX}},
  url =		 {ftp://ftp.ams.org/pub/tex/doc/amsmath/short-math-guide.pdf},
  urldate =	 {2015-07-30},
  year =	 2002}

@Misc{pgfplots,
  author =	 {Christian Feuers\"anger},
  title =	 {Manual for Package \texttt{PGFPLOTS}},
  month =	 may,
  year =	 2015,
  url =		 {http://sourceforge.net/projects/pgfplots}
}

@Comment{jabref-meta: databaseType:bibtex;}
